<record><leader>00000cas a2200000 a 4500</leader><controlfield tag="001">11773905</controlfield><controlfield tag="008">850307d18741878ksuwr ne      0    0eng d</controlfield><datafield ind1=" " ind2=" " tag="010"><subfield code="a">sn 85029169 </subfield></datafield><datafield ind1=" " ind2=" " tag="040"><subfield code="a">KSH</subfield><subfield code="b">eng</subfield><subfield code="c">KSH</subfield><subfield code="d">NPT</subfield><subfield code="d">NPX</subfield><subfield code="d">OCL</subfield><subfield code="d">OCLCQ</subfield></datafield><datafield ind1=" " ind2=" " tag="042"><subfield code="a">msc</subfield></datafield><datafield ind1="0" ind2=" " tag="130"><subfield code="a">Jewell County monitor (Mankato, Kan. : 1874)</subfield></datafield><datafield ind1="1" ind2="0" tag="245"><subfield code="a">Jewell County monitor.</subfield></datafield><datafield ind1=" " ind2=" " tag="260"><subfield code="a">Jewell Center [i.e. Mankato], Kan. :</subfield><subfield code="b">Frank B. Kirk,</subfield><subfield code="c">-1878.</subfield></datafield><datafield ind1=" " ind2=" " tag="300"><subfield code="a">v. ;</subfield><subfield code="c">56-61 cm.</subfield></datafield><datafield ind1=" " ind2=" " tag="310"><subfield code="a">Weekly</subfield></datafield><datafield ind1="0" ind2=" " tag="362"><subfield code="a">-v. 4, no. 33 (Apr. 25, 1878).</subfield></datafield><datafield ind1="1" ind2=" " tag="362"><subfield code="a">Began in 1874.</subfield><subfield code="z">Cf. Rowell, 1875.</subfield></datafield><datafield ind1=" " ind2=" " tag="500"><subfield code="a">Publisher: B.J. Thompson, &lt;1876&gt;.</subfield></datafield><datafield ind1=" " ind2=" " tag="500"><subfield code="a">Republican. Cf. Kan. State Historical Society. Hist. of Kan. newspapers.</subfield></datafield><datafield ind1=" " ind2=" " tag="500"><subfield code="a">Editor: Byron J. Thompson, &lt;1876&gt;.</subfield></datafield><datafield ind1=" " ind2=" " tag="515"><subfield code="a">Issue for Apr. 25, 1878 and May 30, 1878 issue of Jewell County monitor-diamond both numbered v. 4, no. 33.</subfield></datafield><datafield ind1=" " ind2=" " tag="588"><subfield code="a">Description based on: Vol. 1, no. 4 (June 5, 1874).</subfield></datafield><datafield ind1=" " ind2=" " tag="752"><subfield code="a">United States</subfield><subfield code="b">Kansas</subfield><subfield code="c">Jewell</subfield><subfield code="d">Mankato.</subfield></datafield><datafield ind1=" " ind2=" " tag="752"><subfield code="a">United States</subfield><subfield code="b">Kansas</subfield><subfield code="c">Jewell</subfield><subfield code="d">Jewell Center.</subfield></datafield><datafield ind1="0" ind2="7" tag="785"><subfield code="t">Jewell County diamond</subfield><subfield code="w">(DLC)sn 84027635</subfield></datafield><datafield ind1="0" ind2="7" tag="785"><subfield code="t">Jewell County monitor-diamond</subfield><subfield code="w">(DLC)sn 85029174</subfield></datafield><datafield ind1="1" ind2=" " tag="029"><subfield code="a">AU@</subfield><subfield code="b">000020352379</subfield></datafield></record>